%YAML 1.1
%TAG !u! tag:unity3d.com,2011:
--- !u!114 &6595866942740476193
MonoBehaviour:
  m_ObjectHideFlags: 0
  m_CorrespondingSourceObject: {fileID: 0}
  m_PrefabInstance: {fileID: 0}
  m_PrefabAsset: {fileID: 0}
  m_GameObject: {fileID: 1970126254223091412}
  m_Enabled: 1
  m_EditorHideFlags: 0
  m_Script: {fileID: 11500000, guid: 2416f953fc90e2f44987231ec24983db, type: 3}
  m_Name: 
  m_EditorClassIdentifier: 
  moveState: 0
  basicMoveSpeed: 4
  basicRotationSpeed: 1
  moveSpeed: 0
  _targetSystem: {fileID: 2464069668238198225}
  _checkGround: {fileID: 7936288943711559910}
--- !u!114 &7936288943711559910
MonoBehaviour:
  m_ObjectHideFlags: 0
  m_CorrespondingSourceObject: {fileID: 0}
  m_PrefabInstance: {fileID: 0}
  m_PrefabAsset: {fileID: 0}
  m_GameObject: {fileID: 1970126253801362695}
  m_Enabled: 1
  m_EditorHideFlags: 0
  m_Script: {fileID: 11500000, guid: a2e8b4c155ae90f4784da65ae7001570, type: 3}
  m_Name: 
  m_EditorClassIdentifier: 
  _distance: 1.2
  _layerMask:
    serializedVersion: 2
    m_Bits: 8
--- !u!95 &3353699754474731651
Animator:
  serializedVersion: 3
  m_ObjectHideFlags: 0
  m_CorrespondingSourceObject: {fileID: 0}
  m_PrefabInstance: {fileID: 0}
  m_PrefabAsset: {fileID: 0}
  m_GameObject: {fileID: 2738931430922008996}
  m_Enabled: 1
  m_Avatar: {fileID: 0}
  m_Controller: {fileID: 9100000, guid: 81d32ece79496f849a04082fd3d8db0c, type: 2}
  m_CullingMode: 0
  m_UpdateMode: 0
  m_ApplyRootMotion: 0
  m_LinearVelocityBlending: 0
  m_WarningMessage: 
  m_HasTransformHierarchy: 1
  m_AllowConstantClipSamplingOptimization: 1
  m_KeepAnimatorControllerStateOnDisable: 0
--- !u!1001 &1290700461240192530
PrefabInstance:
  m_ObjectHideFlags: 0
  serializedVersion: 2
  m_Modification:
    m_TransformParent: {fileID: 0}
    m_Modifications:
    - target: {fileID: 391398548451671123, guid: fcf7bb1fd13533748b3ce5f2fa592bc8, type: 3}
      propertyPath: _animator
      value: 
      objectReference: {fileID: 3353699754474731651}
    - target: {fileID: 774115941417474858, guid: fcf7bb1fd13533748b3ce5f2fa592bc8, type: 3}
      propertyPath: m_LocalPosition.y
      value: 0
      objectReference: {fileID: 0}
    - target: {fileID: 774115941801060550, guid: fcf7bb1fd13533748b3ce5f2fa592bc8, type: 3}
      propertyPath: m_Name
      value: Teleport Teleport
      objectReference: {fileID: 0}
    - target: {fileID: 774115941801060551, guid: fcf7bb1fd13533748b3ce5f2fa592bc8, type: 3}
      propertyPath: m_RootOrder
      value: 0
      objectReference: {fileID: 0}
    - target: {fileID: 774115941801060551, guid: fcf7bb1fd13533748b3ce5f2fa592bc8, type: 3}
      propertyPath: m_LocalPosition.x
      value: 0
      objectReference: {fileID: 0}
    - target: {fileID: 774115941801060551, guid: fcf7bb1fd13533748b3ce5f2fa592bc8, type: 3}
      propertyPath: m_LocalPosition.y
      value: 0
      objectReference: {fileID: 0}
    - target: {fileID: 774115941801060551, guid: fcf7bb1fd13533748b3ce5f2fa592bc8, type: 3}
      propertyPath: m_LocalPosition.z
      value: 0
      objectReference: {fileID: 0}
    - target: {fileID: 774115941801060551, guid: fcf7bb1fd13533748b3ce5f2fa592bc8, type: 3}
      propertyPath: m_LocalRotation.w
      value: 1
      objectReference: {fileID: 0}
    - target: {fileID: 774115941801060551, guid: fcf7bb1fd13533748b3ce5f2fa592bc8, type: 3}
      propertyPath: m_LocalRotation.x
      value: 0
      objectReference: {fileID: 0}
    - target: {fileID: 774115941801060551, guid: fcf7bb1fd13533748b3ce5f2fa592bc8, type: 3}
      propertyPath: m_LocalRotation.y
      value: 0
      objectReference: {fileID: 0}
    - target: {fileID: 774115941801060551, guid: fcf7bb1fd13533748b3ce5f2fa592bc8, type: 3}
      propertyPath: m_LocalRotation.z
      value: 0
      objectReference: {fileID: 0}
    - target: {fileID: 774115941801060551, guid: fcf7bb1fd13533748b3ce5f2fa592bc8, type: 3}
      propertyPath: m_LocalEulerAnglesHint.x
      value: 0
      objectReference: {fileID: 0}
    - target: {fileID: 774115941801060551, guid: fcf7bb1fd13533748b3ce5f2fa592bc8, type: 3}
      propertyPath: m_LocalEulerAnglesHint.y
      value: 0
      objectReference: {fileID: 0}
    - target: {fileID: 774115941801060551, guid: fcf7bb1fd13533748b3ce5f2fa592bc8, type: 3}
      propertyPath: m_LocalEulerAnglesHint.z
      value: 0
      objectReference: {fileID: 0}
    m_RemovedComponents: []
  m_SourcePrefab: {fileID: 100100000, guid: fcf7bb1fd13533748b3ce5f2fa592bc8, type: 3}
--- !u!1 &1970126254223091412 stripped
GameObject:
  m_CorrespondingSourceObject: {fileID: 774115941801060550, guid: fcf7bb1fd13533748b3ce5f2fa592bc8, type: 3}
  m_PrefabInstance: {fileID: 1290700461240192530}
  m_PrefabAsset: {fileID: 0}
--- !u!4 &1970126254223091413 stripped
Transform:
  m_CorrespondingSourceObject: {fileID: 774115941801060551, guid: fcf7bb1fd13533748b3ce5f2fa592bc8, type: 3}
  m_PrefabInstance: {fileID: 1290700461240192530}
  m_PrefabAsset: {fileID: 0}
--- !u!114 &2464069668238198225 stripped
MonoBehaviour:
  m_CorrespondingSourceObject: {fileID: 3736685276152499139, guid: fcf7bb1fd13533748b3ce5f2fa592bc8, type: 3}
  m_PrefabInstance: {fileID: 1290700461240192530}
  m_PrefabAsset: {fileID: 0}
  m_GameObject: {fileID: 1970126254223091412}
  m_Enabled: 1
  m_EditorHideFlags: 0
  m_Script: {fileID: 11500000, guid: af1bfdfff2ed87245b292fbc41df00e7, type: 3}
  m_Name: 
  m_EditorClassIdentifier: 
--- !u!1 &1970126253801362695 stripped
GameObject:
  m_CorrespondingSourceObject: {fileID: 774115941417474837, guid: fcf7bb1fd13533748b3ce5f2fa592bc8, type: 3}
  m_PrefabInstance: {fileID: 1290700461240192530}
  m_PrefabAsset: {fileID: 0}
--- !u!1001 &3081529006815642869
PrefabInstance:
  m_ObjectHideFlags: 0
  serializedVersion: 2
  m_Modification:
    m_TransformParent: {fileID: 1970126254223091413}
    m_Modifications:
    - target: {fileID: -8679921383154817045, guid: ea90596e92e377a40b33c62fe9b97603, type: 3}
      propertyPath: m_RootOrder
      value: 4
      objectReference: {fileID: 0}
    - target: {fileID: -8679921383154817045, guid: ea90596e92e377a40b33c62fe9b97603, type: 3}
      propertyPath: m_LocalScale.x
      value: 0.5
      objectReference: {fileID: 0}
    - target: {fileID: -8679921383154817045, guid: ea90596e92e377a40b33c62fe9b97603, type: 3}
      propertyPath: m_LocalScale.y
      value: 0.5
      objectReference: {fileID: 0}
    - target: {fileID: -8679921383154817045, guid: ea90596e92e377a40b33c62fe9b97603, type: 3}
      propertyPath: m_LocalScale.z
      value: 0.5
      objectReference: {fileID: 0}
    - target: {fileID: -8679921383154817045, guid: ea90596e92e377a40b33c62fe9b97603, type: 3}
      propertyPath: m_LocalPosition.x
      value: 0
      objectReference: {fileID: 0}
    - target: {fileID: -8679921383154817045, guid: ea90596e92e377a40b33c62fe9b97603, type: 3}
      propertyPath: m_LocalPosition.y
      value: -1.207
      objectReference: {fileID: 0}
    - target: {fileID: -8679921383154817045, guid: ea90596e92e377a40b33c62fe9b97603, type: 3}
      propertyPath: m_LocalPosition.z
      value: 0
      objectReference: {fileID: 0}
    - target: {fileID: -8679921383154817045, guid: ea90596e92e377a40b33c62fe9b97603, type: 3}
      propertyPath: m_LocalRotation.w
      value: 1
      objectReference: {fileID: 0}
    - target: {fileID: -8679921383154817045, guid: ea90596e92e377a40b33c62fe9b97603, type: 3}
      propertyPath: m_LocalRotation.x
      value: 0
      objectReference: {fileID: 0}
    - target: {fileID: -8679921383154817045, guid: ea90596e92e377a40b33c62fe9b97603, type: 3}
      propertyPath: m_LocalRotation.y
      value: 0
      objectReference: {fileID: 0}
    - target: {fileID: -8679921383154817045, guid: ea90596e92e377a40b33c62fe9b97603, type: 3}
      propertyPath: m_LocalRotation.z
      value: 0
      objectReference: {fileID: 0}
    - target: {fileID: -8679921383154817045, guid: ea90596e92e377a40b33c62fe9b97603, type: 3}
      propertyPath: m_LocalEulerAnglesHint.x
      value: 0
      objectReference: {fileID: 0}
    - target: {fileID: -8679921383154817045, guid: ea90596e92e377a40b33c62fe9b97603, type: 3}
      propertyPath: m_LocalEulerAnglesHint.y
      value: 0
      objectReference: {fileID: 0}
    - target: {fileID: -8679921383154817045, guid: ea90596e92e377a40b33c62fe9b97603, type: 3}
      propertyPath: m_LocalEulerAnglesHint.z
      value: 0
      objectReference: {fileID: 0}
    - target: {fileID: 919132149155446097, guid: ea90596e92e377a40b33c62fe9b97603, type: 3}
      propertyPath: m_Name
      value: Teleport Monster
      objectReference: {fileID: 0}
    m_RemovedComponents: []
  m_SourcePrefab: {fileID: 100100000, guid: ea90596e92e377a40b33c62fe9b97603, type: 3}
--- !u!1 &2738931430922008996 stripped
GameObject:
  m_CorrespondingSourceObject: {fileID: 919132149155446097, guid: ea90596e92e377a40b33c62fe9b97603, type: 3}
  m_PrefabInstance: {fileID: 3081529006815642869}
  m_PrefabAsset: {fileID: 0}
